@article{chorin68,
    author  = "Chorin A. J.",
    title   = "Numerical Solutions of the {N}avier-{S}tokes {E}quations",
    year    = "1968",
    month   = "February",
    journal = "AMS"
}

@misc{poissonWiki,
  author = {Wikipedia},
  title = {{Poisson's equation}},
  howpublished = "\url{http://en.wikipedia.org/wiki/Poisson's_equation}",
  year = {2014}, 
  note = "[Online; accessed 19-May-2014]"
}

@book{mccaig,
  author    = {McCaig, M. And Clegg, A. G.}, 
  title     = {Permanent Magnets in Theory and Practice},
  publisher = {Wiley},
  year      = 1987,
  address   = {New York},
  edition   = {2nd},
  isbn      = {0470210036}
}