@article{chorin68,
    author  = "Chorin A. J.",
    title   = "Numerical Solutions of the {N}avier-{S}tokes {E}quations",
    year    = "1968",
    month   = "February",
    journal = "AMS"
}

@article{Chorin1997118,
title = "A Numerical Method for Solving Incompressible Viscous Flow Problems ",
journal = "Journal of Computational Physics ",
volume = "135",
number = "2",
pages = "118 - 125",
year = {1997},
note = "",
issn = "0021-9991",
doi = "http://dx.doi.org/10.1006/jcph.1997.5716",
url = "http://www.sciencedirect.com/science/article/pii/S0021999197957168",
author = "Alexandre Joel Chorin"
}


@article{RosensweigMagneticFluids,
author = {Rosensweig, R E},
title = {Magnetic Fluids},
journal = {Annual Review of Fluid Mechanics},
volume = {19},
number = {1},
pages = {437-461},
year = {1987},
doi = {10.1146/annurev.fl.19.010187.002253},

URL = { 
        http://dx.doi.org/10.1146/annurev.fl.19.010187.002253
    
},
eprint = { 
        http://dx.doi.org/10.1146/annurev.fl.19.010187.002253
    
}
}

@Misc{hinchLectureNotes,
author = {Hinch, E.J.}, 
title = {Lecture notes on Computational Methods in Fluid Dynamics: Part I - A first problem.},
year = {2006},
URL = {http://www.damtp.cam.ac.uk/user/hinch/teaching/cmifm/lnpart1.pdf}
}

@Misc{JuliaProgramming,
author = "NumFocus Foundation",
title = "The {J}ulia {L}anguage",
note = {Disponível http://julialang.org, versão 0.3.11}
}

@Misc{matplotlib,
author = {John Hunter, Darren Dale, Eric Firing, Michael Droettboom and the matplotlib development team},
title = {matplotlib: python plotting},
note = {Available at http://matplotlib.org, version 1.4.3}"
}

@Misc{gitHubFerrofluidos,
author = "Ataias Pereira Reis",
title = "Repositório {G}it: ferrofluidos",
note = {Disponível em https://github.com/ataias/ferrofluidos}
}


@article{masao1989,
author = { J. P. Shen and  Masao Doi},
title = {Effective Viscosity of Magnetic Fluids},
journal = {Journal of the Physical Society of Japan},
volume = {59},
number = {1},
pages = {111-117},
year = {1990},
doi = {10.1143/JPSJ.59.111},

URL = { 
        http://dx.doi.org/10.1143/JPSJ.59.111
    
},
eprint = { 
        http://dx.doi.org/10.1143/JPSJ.59.111
    
}

}
