@article{chorin68,
    author  = "Chorin A. J.",
    title   = "Numerical Solutions of the {N}avier-{S}tokes {E}quations",
    year    = "1968",
    month   = "February",
    journal = "AMS"
}

@misc{poissonWiki,
  author = {Wikipedia},
  title = {{Poisson's equation}},
  howpublished = "\url{http://en.wikipedia.org/wiki/Poisson's_equation}",
  year = {2014}, 
  note = "[Online; accessed 19-May-2014]"
}

@article{Garandet2012149,
title = "Solute segregation in a lid driven cavity: Effect of the flow on the boundary layer thickness and solute segregation ",
journal = "Journal of Crystal Growth ",
volume = "340",
number = "1",
pages = "149 - 155",
year = {2012},
note = "",
issn = "0022-0248",
doi = "http://dx.doi.org/10.1016/j.jcrysgro.2011.11.071",
url = "http://www.sciencedirect.com/science/article/pii/S0022024811009948",
author = "J.P. Garandet and N. Kaupp and D. Pelletier and Y. Delannoy",
keywords = "A1. Convection",
keywords = "A1. Directional solidification",
keywords = "A1. Segregation",
keywords = "A2. Growth from melt",
keywords = "B2. Germanium silicon alloys "
}

@article{Tzirtzilakis2013,
year={2013},
issn={0025-6455},
journal={Meccanica},
volume={48},
number={1},
doi={10.1007/s11012-012-9593-7},
title={Biomagnetic fluid flow in a driven cavity},
url={http://dx.doi.org/10.1007/s11012-012-9593-7},
publisher={Springer Netherlands},
keywords={Ferrohydrodynamics; Magnetohydrodynamics; Magnetic fluid; Driven cavity; Biomagnetic},
author={Tzirtzilakis, E.E. and Xenos, M.A.},
pages={187-200},
language={English}
}

@article{Chorin1997118,
title = "A Numerical Method for Solving Incompressible Viscous Flow Problems ",
journal = "Journal of Computational Physics ",
volume = "135",
number = "2",
pages = "118 - 125",
year = {1997},
note = "",
issn = "0021-9991",
doi = "http://dx.doi.org/10.1006/jcph.1997.5716",
url = "http://www.sciencedirect.com/science/article/pii/S0021999197957168",
author = "Alexandre Joel Chorin"
}


@article{RosensweigMagneticFluids,
author = {Rosensweig, R E},
title = {Magnetic Fluids},
journal = {Annual Review of Fluid Mechanics},
volume = {19},
number = {1},
pages = {437-461},
year = {1987},
doi = {10.1146/annurev.fl.19.010187.002253},

URL = { 
        http://dx.doi.org/10.1146/annurev.fl.19.010187.002253
    
},
eprint = { 
        http://dx.doi.org/10.1146/annurev.fl.19.010187.002253
    
}
}

@Misc{zbMATH03010997,
    Author = {L.M. {Milne-Thomson}},
    Title = {{The calculus of finite differences.}},
    Year = {1933},
    Language = {English},
    HowPublished = {{London: Macmillan \& Co., Ltd. XIX, 558 S., 23 Fig. (1933).}},
    Zbl = {0008.01801}
}

@Misc{hinchLectureNotes,
author = {Hinch, E.J.}, 
title = {Lecture notes on Computational Methods in Fluid Dynamics: Part I - A first problem.},
year = {2006},
URL = {http://www.damtp.cam.ac.uk/user/hinch/teaching/cmifm/lnpart1.pdf}
}

@Misc{JuliaProgramming,
author = "NumFocus Foundation",
title = "The {J}ulia {L}anguage",
note = {Available at \url{http://julialang.org}, version 0.3.11}
}

@Misc{matplotlib,
author = {John Hunter, Darren Dale, Eric Firing, Michael Droettboom and the matplotlib development team},
title = {matplotlib: python plotting},
note = {Available at \url{http://matplotlib.org}, version 1.4.3}"
}

@Misc{gitHubFerrofluidos,
author = "Ataias Pereira Reis",
title = "Git repository: ferrofluidos",
note = {Available at \url{https://github.com/ataias/ferrofluidos}}
}

@book{batchelor,
author = {G.K. Batchelor},
title = {An {I}ntroduction to {F}luid {D}ynamics},
publisher = {Cambridge University Press, Cambridge, UK},
year = {1967}
}

@book{McCaigClegg,
  author    = {McCaig, M. Clegg, A.G.}, 
  title     = {Permanent Magnets in Theory and Practice},
  publisher = {Wiley},
  year      = 1987,
  address   = {New York},
  edition   = 2nd,
  isbn      = {3257227892}
}